<record><leader>00000cas a22000007a 4500</leader><controlfield tag="001">13578938</controlfield><controlfield tag="008">860516d192u1952inuwr ne      0    0eng d</controlfield><datafield ind1=" " ind2=" " tag="010"><subfield code="a">sn 86058515 </subfield></datafield><datafield ind1=" " ind2=" " tag="040"><subfield code="a">NPI</subfield><subfield code="b">eng</subfield><subfield code="c">NPI</subfield><subfield code="d">OCLCQ</subfield></datafield><datafield ind1=" " ind2=" " tag="042"><subfield code="a">msc</subfield></datafield><datafield ind1="0" ind2=" " tag="130"><subfield code="a">Lynn herald (Lynn, Ind. : 1929)</subfield></datafield><datafield ind1="1" ind2="4" tag="245"><subfield code="a">The Lynn herald.</subfield></datafield><datafield ind1=" " ind2=" " tag="260"><subfield code="a">Lynn, Ind. :</subfield><subfield code="b">Hodgin &amp; Ross,</subfield><subfield code="c">-1952.</subfield></datafield><datafield ind1=" " ind2=" " tag="300"><subfield code="a">v. :</subfield><subfield code="b">ill. ;</subfield><subfield code="c">45-56 cm.</subfield></datafield><datafield ind1=" " ind2=" " tag="310"><subfield code="a">Weekly</subfield></datafield><datafield ind1="0" ind2=" " tag="362"><subfield code="a">-v. 54, no. 4 (Feb. 15, 1952).</subfield></datafield><datafield ind1=" " ind2=" " tag="500"><subfield code="a">Independent-Republican.</subfield></datafield><datafield ind1=" " ind2=" " tag="588"><subfield code="a">Description based on: Vol. 35, no. 1 (Jan. 3, 1929).</subfield></datafield><datafield ind1=" " ind2=" " tag="752"><subfield code="a">United States</subfield><subfield code="b">Indiana</subfield><subfield code="c">Randolph</subfield><subfield code="d">Lynn.</subfield></datafield><datafield ind1="0" ind2="0" tag="780"><subfield code="t">Herald (Lynn, Ind.)</subfield><subfield code="w">(DLC)sn 00065012</subfield></datafield><datafield ind1="0" ind2="0" tag="785"><subfield code="t">Randolph County herald-citizen</subfield><subfield code="w">(DLC)sn 86058516</subfield></datafield><datafield ind1="1" ind2=" " tag="029"><subfield code="a">AU@</subfield><subfield code="b">000023482589</subfield></datafield></record>